<record><leader>00000cas a2200000 a 4500</leader><controlfield tag="001">13302269</controlfield><controlfield tag="008">860317d18921908maudn ne      0    0eng d</controlfield><datafield ind1=" " ind2=" " tag="010"><subfield code="a">sn 86063509 </subfield></datafield><datafield ind1=" " ind2=" " tag="040"><subfield code="a">KSH</subfield><subfield code="b">eng</subfield><subfield code="c">KSH</subfield><subfield code="d">NPT</subfield><subfield code="d">MGN</subfield><subfield code="d">CNK</subfield><subfield code="d">MGN</subfield><subfield code="d">CNW</subfield><subfield code="d">OCL</subfield><subfield code="d">OCLCQ</subfield><subfield code="d">OCLCF</subfield><subfield code="d">OCLCO</subfield><subfield code="d">IUL</subfield><subfield code="d">OCL</subfield></datafield><datafield ind1=" " ind2=" " tag="042"><subfield code="a">msc</subfield></datafield><datafield ind1=" " ind2=" " tag="043"><subfield code="a">n-us-ma</subfield></datafield><datafield ind1="0" ind2="4" tag="245"><subfield code="a">The Salem daily gazette.</subfield></datafield><datafield ind1=" " ind2=" " tag="260"><subfield code="a">Salem, Mass. :</subfield><subfield code="b">Nathaniel A. Horton &amp; Son</subfield></datafield><datafield ind1=" " ind2=" " tag="300"><subfield code="a">v.</subfield></datafield><datafield ind1=" " ind2=" " tag="310"><subfield code="a">Daily (except Sun.)</subfield></datafield><datafield ind1="0" ind2=" " tag="362"><subfield code="a">Oct. 17, 1892-Aug. 29, 1908.</subfield></datafield><datafield ind1=" " ind2=" " tag="580"><subfield code="a">Weekly eds.: Essex County Mercury and weekly Salem gazette, 1892; Essex County Mercury, weekly Salem gazette, 1892-1898; and, Essex County Mercury (Salem, Mass. : 1898), 1898-&lt;1902&gt;.</subfield></datafield><datafield ind1=" " ind2="0" tag="651"><subfield code="a">Salem (Mass.)</subfield><subfield code="v">Newspapers.</subfield></datafield><datafield ind1=" " ind2="0" tag="651"><subfield code="a">Essex County (Mass.)</subfield><subfield code="v">Newspapers.</subfield></datafield><datafield ind1=" " ind2="7" tag="651"><subfield code="a">Massachusetts</subfield><subfield code="z">Essex County.</subfield><subfield code="2">fast</subfield><subfield code="0">(OCoLC)fst01205527</subfield></datafield><datafield ind1=" " ind2="7" tag="651"><subfield code="a">Massachusetts</subfield><subfield code="z">Salem.</subfield><subfield code="2">fast</subfield><subfield code="0">(OCoLC)fst01205839</subfield></datafield><datafield ind1=" " ind2="7" tag="655"><subfield code="a">Newspapers.</subfield><subfield code="2">fast</subfield><subfield code="0">(OCoLC)fst01423814</subfield></datafield><datafield ind1=" " ind2=" " tag="752"><subfield code="a">United States</subfield><subfield code="b">Massachusetts</subfield><subfield code="c">Essex</subfield><subfield code="d">Salem.</subfield></datafield><datafield ind1="1" ind2=" " tag="775"><subfield code="t">Essex County Mercury and weekly Salem gazette</subfield><subfield code="w">(DLC)sn 83020349</subfield><subfield code="w">(OCoLC)9330016</subfield></datafield><datafield ind1="1" ind2=" " tag="775"><subfield code="t">Essex County Mercury, weekly Salem gazette</subfield><subfield code="w">(DLC)sn 94055617</subfield><subfield code="w">(OCoLC)31056400</subfield></datafield><datafield ind1="1" ind2=" " tag="775"><subfield code="t">Essex County Mercury (Salem, Mass. : 1898)</subfield><subfield code="w">(DLC)sn 94055618</subfield><subfield code="w">(OCoLC)31056403</subfield></datafield><datafield ind1="0" ind2="0" tag="780"><subfield code="t">Salem gazette (Salem, Mass. : 1790)</subfield><subfield code="w">(DLC)sn 83020611</subfield><subfield code="w">(OCoLC)1605703</subfield></datafield><datafield ind1="1" ind2=" " tag="029"><subfield code="a">AU@</subfield><subfield code="b">000022168389</subfield></datafield></record>